[gd_scene load_steps=194 format=2]

[ext_resource path="res://assets/sprites/units/biche/biche_idle_bas_droite/Chronologie 10031.png" type="Texture" id=1]
[ext_resource path="res://assets/sprites/units/biche/biche_idle_bas_droite/Chronologie 10069.png" type="Texture" id=2]
[ext_resource path="res://assets/sprites/units/biche/biche_idle_bas_droite/Chronologie 10077.png" type="Texture" id=3]
[ext_resource path="res://assets/sprites/units/biche/biche_idle_bas_droite/Chronologie 10066.png" type="Texture" id=4]
[ext_resource path="res://assets/sprites/units/biche/biche_idle_bas_droite/Chronologie 10060.png" type="Texture" id=5]
[ext_resource path="res://assets/sprites/units/biche/biche_idle_bas_droite/Chronologie 10080.png" type="Texture" id=6]
[ext_resource path="res://assets/sprites/units/biche/biche_idle_bas_droite/Chronologie 10091.png" type="Texture" id=7]
[ext_resource path="res://assets/sprites/units/biche/biche_idle_bas_droite/Chronologie 10090.png" type="Texture" id=8]
[ext_resource path="res://assets/sprites/units/biche/biche_idle_bas_droite/Chronologie 10062.png" type="Texture" id=9]
[ext_resource path="res://assets/sprites/units/biche/biche_idle_bas_droite/Chronologie 10093.png" type="Texture" id=10]
[ext_resource path="res://assets/sprites/units/biche/biche_idle_bas_droite/Chronologie 10092.png" type="Texture" id=11]
[ext_resource path="res://assets/sprites/units/biche/biche_idle_bas_droite/Chronologie 10081.png" type="Texture" id=12]
[ext_resource path="res://assets/sprites/units/biche/biche_idle_bas_droite/Chronologie 10068.png" type="Texture" id=13]
[ext_resource path="res://assets/sprites/units/biche/biche_idle_bas_droite/Chronologie 10067.png" type="Texture" id=14]
[ext_resource path="res://assets/sprites/units/biche/biche_idle_bas_droite/Chronologie 10063.png" type="Texture" id=15]
[ext_resource path="res://assets/sprites/units/biche/biche_idle_bas_droite/Chronologie 10074.png" type="Texture" id=16]
[ext_resource path="res://assets/sprites/units/biche/biche_idle_bas_droite/Chronologie 10064.png" type="Texture" id=17]
[ext_resource path="res://assets/sprites/units/biche/biche_idle_bas_droite/Chronologie 10065.png" type="Texture" id=18]
[ext_resource path="res://assets/sprites/units/biche/biche_idle_bas_droite/Chronologie 10078.png" type="Texture" id=19]
[ext_resource path="res://assets/sprites/units/biche/biche_idle_bas_droite/Chronologie 10061.png" type="Texture" id=20]
[ext_resource path="res://assets/sprites/units/biche/biche_idle_bas_droite/Chronologie 10084.png" type="Texture" id=21]
[ext_resource path="res://assets/sprites/units/biche/biche_idle_bas_droite/Chronologie 10082.png" type="Texture" id=22]
[ext_resource path="res://assets/sprites/units/biche/biche_idle_bas_droite/Chronologie 10071.png" type="Texture" id=23]
[ext_resource path="res://assets/sprites/units/biche/biche_idle_bas_droite/Chronologie 10085.png" type="Texture" id=24]
[ext_resource path="res://assets/sprites/units/biche/biche_idle_bas_droite/Chronologie 10073.png" type="Texture" id=25]
[ext_resource path="res://assets/sprites/units/biche/biche_idle_bas_droite/Chronologie 10087.png" type="Texture" id=26]
[ext_resource path="res://assets/sprites/units/biche/biche_idle_bas_droite/Chronologie 10070.png" type="Texture" id=27]
[ext_resource path="res://assets/sprites/units/biche/biche_idle_bas_droite/Chronologie 10076.png" type="Texture" id=28]
[ext_resource path="res://assets/sprites/units/biche/biche_idle_bas_droite/Chronologie 10089.png" type="Texture" id=29]
[ext_resource path="res://assets/sprites/units/biche/biche_idle_bas_droite/Chronologie 10059.png" type="Texture" id=30]
[ext_resource path="res://assets/sprites/units/biche/biche_idle_bas_droite/Chronologie 10079.png" type="Texture" id=31]
[ext_resource path="res://assets/sprites/units/biche/biche_idle_bas_droite/Chronologie 10072.png" type="Texture" id=32]
[ext_resource path="res://assets/sprites/units/biche/biche_idle_bas_droite/Chronologie 10075.png" type="Texture" id=33]
[ext_resource path="res://assets/sprites/units/biche/biche_idle_bas_droite/Chronologie 10086.png" type="Texture" id=34]
[ext_resource path="res://assets/sprites/units/biche/biche_idle_bas_droite/Chronologie 10083.png" type="Texture" id=35]
[ext_resource path="res://assets/sprites/units/biche/biche_idle_bas_droite/Chronologie 10088.png" type="Texture" id=36]
[ext_resource path="res://assets/sprites/units/biche/biche_idle_bas_gauche/Chronologie 10006.png" type="Texture" id=37]
[ext_resource path="res://assets/sprites/units/biche/biche_idle_bas_gauche/Chronologie 10026.png" type="Texture" id=38]
[ext_resource path="res://assets/sprites/units/biche/biche_idle_bas_gauche/Chronologie 10012.png" type="Texture" id=39]
[ext_resource path="res://assets/sprites/units/biche/biche_idle_bas_gauche/Chronologie 10011.png" type="Texture" id=40]
[ext_resource path="res://assets/sprites/units/biche/biche_idle_bas_gauche/Chronologie 10028.png" type="Texture" id=41]
[ext_resource path="res://assets/sprites/units/biche/biche_idle_bas_gauche/Chronologie 10010.png" type="Texture" id=42]
[ext_resource path="res://assets/sprites/units/biche/biche_idle_bas_gauche/Chronologie 10005.png" type="Texture" id=43]
[ext_resource path="res://assets/sprites/units/biche/biche_idle_bas_gauche/Chronologie 10008.png" type="Texture" id=44]
[ext_resource path="res://assets/sprites/units/biche/biche_idle_bas_gauche/Chronologie 10020.png" type="Texture" id=45]
[ext_resource path="res://assets/sprites/units/biche/biche_idle_bas_gauche/Chronologie 10002.png" type="Texture" id=46]
[ext_resource path="res://assets/sprites/units/biche/biche_idle_bas_gauche/Chronologie 10022.png" type="Texture" id=47]
[ext_resource path="res://assets/sprites/units/biche/biche_idle_bas_gauche/Chronologie 10032.png" type="Texture" id=48]
[ext_resource path="res://assets/sprites/units/biche/biche_idle_bas_gauche/Chronologie 10031.png" type="Texture" id=49]
[ext_resource path="res://assets/sprites/units/biche/biche_idle_bas_gauche/Chronologie 10029.png" type="Texture" id=50]
[ext_resource path="res://assets/sprites/units/biche/biche_idle_bas_gauche/Chronologie 10030.png" type="Texture" id=51]
[ext_resource path="res://assets/sprites/units/biche/biche_idle_bas_droite/Chronologie 10094.png" type="Texture" id=52]
[ext_resource path="res://assets/sprites/units/biche/biche_idle_bas_gauche/Chronologie 10027.png" type="Texture" id=53]
[ext_resource path="res://assets/sprites/units/biche/biche_idle_bas_gauche/Chronologie 10007.png" type="Texture" id=54]
[ext_resource path="res://assets/sprites/units/biche/biche_idle_bas_droite/Chronologie 10095.png" type="Texture" id=55]
[ext_resource path="res://assets/sprites/units/biche/biche_idle_bas_gauche/Chronologie 10017.png" type="Texture" id=56]
[ext_resource path="res://assets/sprites/units/biche/biche_idle_bas_gauche/Chronologie 10009.png" type="Texture" id=57]
[ext_resource path="res://assets/sprites/units/biche/biche_idle_bas_gauche/Chronologie 10016.png" type="Texture" id=58]
[ext_resource path="res://assets/sprites/units/biche/biche_idle_bas_gauche/Chronologie 10014.png" type="Texture" id=59]
[ext_resource path="res://assets/sprites/units/biche/biche_idle_bas_gauche/Chronologie 10023.png" type="Texture" id=60]
[ext_resource path="res://assets/sprites/units/biche/biche_idle_bas_gauche/Chronologie 10018.png" type="Texture" id=61]
[ext_resource path="res://assets/sprites/units/biche/biche_idle_bas_gauche/Chronologie 10000.png" type="Texture" id=62]
[ext_resource path="res://assets/sprites/units/biche/biche_idle_bas_gauche/Chronologie 10013.png" type="Texture" id=63]
[ext_resource path="res://assets/sprites/units/biche/biche_idle_bas_gauche/Chronologie 10077.png" type="Texture" id=64]
[ext_resource path="res://assets/sprites/units/biche/biche_idle_bas_gauche/Chronologie 10003.png" type="Texture" id=65]
[ext_resource path="res://assets/sprites/units/biche/biche_idle_bas_gauche/Chronologie 10025.png" type="Texture" id=66]
[ext_resource path="res://assets/sprites/units/biche/biche_idle_bas_gauche/Chronologie 10019.png" type="Texture" id=67]
[ext_resource path="res://assets/sprites/units/biche/biche_idle_bas_gauche/Chronologie 10001.png" type="Texture" id=68]
[ext_resource path="res://assets/sprites/units/biche/biche_idle_bas_gauche/Chronologie 10015.png" type="Texture" id=69]
[ext_resource path="res://assets/sprites/units/biche/biche_idle_bas_gauche/Chronologie 10004.png" type="Texture" id=70]
[ext_resource path="res://assets/sprites/units/biche/biche_idle_bas_gauche/Chronologie 10052.png" type="Texture" id=71]
[ext_resource path="res://assets/sprites/units/biche/biche_idle_bas_gauche/Chronologie 10024.png" type="Texture" id=72]
[ext_resource path="res://assets/sprites/units/biche/biche_idle_bas_gauche/Chronologie 10021.png" type="Texture" id=73]
[ext_resource path="res://assets/sprites/units/biche/biche_idle_bas_gauche/Chronologie 10040.png" type="Texture" id=74]
[ext_resource path="res://assets/sprites/units/biche/biche_idle_bas_gauche/Chronologie 10039.png" type="Texture" id=75]
[ext_resource path="res://assets/sprites/units/biche/biche_idle_bas_gauche/Chronologie 10041.png" type="Texture" id=76]
[ext_resource path="res://assets/sprites/units/biche/biche_idle_bas_gauche/Chronologie 10060.png" type="Texture" id=77]
[ext_resource path="res://assets/sprites/units/biche/biche_idle_bas_gauche/Chronologie 10055.png" type="Texture" id=78]
[ext_resource path="res://assets/sprites/units/biche/biche_idle_bas_gauche/Chronologie 10048.png" type="Texture" id=79]
[ext_resource path="res://assets/sprites/units/biche/biche_idle_bas_gauche/Chronologie 10050.png" type="Texture" id=80]
[ext_resource path="res://assets/sprites/units/biche/biche_idle_bas_gauche/Chronologie 10035.png" type="Texture" id=81]
[ext_resource path="res://assets/sprites/units/biche/biche_idle_bas_gauche/Chronologie 10033.png" type="Texture" id=82]
[ext_resource path="res://assets/sprites/units/biche/biche_idle_bas_gauche/Chronologie 10036.png" type="Texture" id=83]
[ext_resource path="res://assets/sprites/units/biche/biche_idle_bas_gauche/Chronologie 10047.png" type="Texture" id=84]
[ext_resource path="res://assets/sprites/units/biche/biche_idle_bas_gauche/Chronologie 10057.png" type="Texture" id=85]
[ext_resource path="res://assets/sprites/units/biche/biche_idle_bas_gauche/Chronologie 10059.png" type="Texture" id=86]
[ext_resource path="res://assets/sprites/units/biche/biche_idle_bas_gauche/Chronologie 10063.png" type="Texture" id=87]
[ext_resource path="res://assets/sprites/units/biche/biche_idle_bas_gauche/Chronologie 10056.png" type="Texture" id=88]
[ext_resource path="res://assets/sprites/units/biche/biche_idle_bas_gauche/Chronologie 10062.png" type="Texture" id=89]
[ext_resource path="res://assets/sprites/units/biche/biche_idle_bas_gauche/Chronologie 10064.png" type="Texture" id=90]
[ext_resource path="res://assets/sprites/units/biche/biche_idle_bas_gauche/Chronologie 10058.png" type="Texture" id=91]
[ext_resource path="res://assets/sprites/units/biche/biche_idle_bas_gauche/Chronologie 10043.png" type="Texture" id=92]
[ext_resource path="res://assets/sprites/units/biche/biche_idle_bas_gauche/Chronologie 10049.png" type="Texture" id=93]
[ext_resource path="res://assets/sprites/units/biche/biche_idle_bas_gauche/Chronologie 10044.png" type="Texture" id=94]
[ext_resource path="res://assets/sprites/units/biche/biche_idle_bas_gauche/Chronologie 10034.png" type="Texture" id=95]
[ext_resource path="res://assets/sprites/units/biche/biche_idle_bas_gauche/Chronologie 10051.png" type="Texture" id=96]
[ext_resource path="res://assets/sprites/units/biche/biche_idle_bas_gauche/Chronologie 10053.png" type="Texture" id=97]
[ext_resource path="res://assets/sprites/units/biche/biche_idle_bas_gauche/Chronologie 10046.png" type="Texture" id=98]
[ext_resource path="res://assets/sprites/units/biche/biche_idle_bas_gauche/Chronologie 10065.png" type="Texture" id=99]
[ext_resource path="res://assets/sprites/units/biche/biche_idle_bas_gauche/Chronologie 10038.png" type="Texture" id=100]
[ext_resource path="res://assets/sprites/units/biche/biche_idle_bas_gauche/Chronologie 10061.png" type="Texture" id=101]
[ext_resource path="res://assets/sprites/units/biche/biche_idle_bas_gauche/Chronologie 10054.png" type="Texture" id=102]
[ext_resource path="res://assets/sprites/units/biche/biche_idle_bas_gauche/Chronologie 10066.png" type="Texture" id=103]
[ext_resource path="res://assets/sprites/units/biche/biche_idle_bas_gauche/Chronologie 10067.png" type="Texture" id=104]
[ext_resource path="res://assets/sprites/units/biche/biche_idle_bas_gauche/Chronologie 10037.png" type="Texture" id=105]
[ext_resource path="res://assets/sprites/units/biche/biche_idle_bas_gauche/Chronologie 10042.png" type="Texture" id=106]
[ext_resource path="res://assets/sprites/units/biche/biche_idle_bas_gauche/Chronologie 10045.png" type="Texture" id=107]
[ext_resource path="res://assets/sprites/units/biche/biche_idle_bas_gauche/Chronologie 10069.png" type="Texture" id=108]
[ext_resource path="res://assets/sprites/units/biche/biche_idle_bas_gauche/Chronologie 10081.png" type="Texture" id=109]
[ext_resource path="res://assets/sprites/units/biche/biche_idle_bas_gauche/Chronologie 10068.png" type="Texture" id=110]
[ext_resource path="res://assets/sprites/units/biche/biche_idle_bas_gauche/Chronologie 10070.png" type="Texture" id=111]
[ext_resource path="res://assets/sprites/units/biche/biche_idle_bas_gauche/Chronologie 10071.png" type="Texture" id=112]
[ext_resource path="res://assets/sprites/units/biche/biche_idle_bas_gauche/Chronologie 10093.png" type="Texture" id=113]
[ext_resource path="res://assets/sprites/units/biche/biche_idle_bas_gauche/Chronologie 10082.png" type="Texture" id=114]
[ext_resource path="res://assets/sprites/units/biche/biche_idle_bas_gauche/Chronologie 10074.png" type="Texture" id=115]
[ext_resource path="res://assets/sprites/units/biche/biche_idle_bas_gauche/Chronologie 10095.png" type="Texture" id=116]
[ext_resource path="res://assets/sprites/units/biche/biche_idle_bas_gauche/Chronologie 10088.png" type="Texture" id=117]
[ext_resource path="res://assets/sprites/units/biche/biche_idle_bas_gauche/Chronologie 10078.png" type="Texture" id=118]
[ext_resource path="res://assets/sprites/units/biche/biche_idle_bas_gauche/Chronologie 10090.png" type="Texture" id=119]
[ext_resource path="res://assets/sprites/units/biche/biche_idle_bas_gauche/Chronologie 10087.png" type="Texture" id=120]
[ext_resource path="res://assets/sprites/units/biche/biche_idle_bas_gauche/Chronologie 10092.png" type="Texture" id=121]
[ext_resource path="res://assets/sprites/units/biche/biche_idle_bas_gauche/Chronologie 10084.png" type="Texture" id=122]
[ext_resource path="res://assets/sprites/units/biche/biche_idle_bas_gauche/Chronologie 10080.png" type="Texture" id=123]
[ext_resource path="res://assets/sprites/units/biche/biche_idle_bas_gauche/Chronologie 10085.png" type="Texture" id=124]
[ext_resource path="res://assets/sprites/units/biche/biche_idle_bas_gauche/Chronologie 10083.png" type="Texture" id=125]
[ext_resource path="res://assets/sprites/units/biche/biche_idle_bas_gauche/Chronologie 10089.png" type="Texture" id=126]
[ext_resource path="res://assets/sprites/units/biche/biche_idle_bas_gauche/Chronologie 10072.png" type="Texture" id=127]
[ext_resource path="res://assets/sprites/units/biche/biche_idle_bas_gauche/Chronologie 10075.png" type="Texture" id=128]
[ext_resource path="res://assets/sprites/units/biche/biche_idle_bas_gauche/Chronologie 10094.png" type="Texture" id=129]
[ext_resource path="res://assets/sprites/units/biche/biche_idle_bas_gauche/Chronologie 10073.png" type="Texture" id=130]
[ext_resource path="res://assets/sprites/units/biche/biche_idle_bas_gauche/Chronologie 10079.png" type="Texture" id=131]
[ext_resource path="res://assets/sprites/units/biche/biche_idle_bas_gauche/Chronologie 10091.png" type="Texture" id=132]
[ext_resource path="res://assets/sprites/units/biche/biche_idle_bas_gauche/Chronologie 10086.png" type="Texture" id=133]
[ext_resource path="res://assets/sprites/units/biche/biche_idle_bas_gauche/Chronologie 10076.png" type="Texture" id=134]
[ext_resource path="res://assets/sprites/units/biche/biche_idle_bas_droite/Chronologie 10028.png" type="Texture" id=135]
[ext_resource path="res://assets/sprites/units/biche/biche_idle_bas_droite/Chronologie 10025.png" type="Texture" id=136]
[ext_resource path="res://assets/sprites/units/biche/biche_idle_bas_droite/Chronologie 10027.png" type="Texture" id=137]
[ext_resource path="res://assets/sprites/units/biche/biche_idle_bas_droite/Chronologie 10029.png" type="Texture" id=138]
[ext_resource path="res://assets/sprites/units/biche/biche_idle_bas_droite/Chronologie 10032.png" type="Texture" id=139]
[ext_resource path="res://assets/sprites/units/biche/biche_idle_bas_droite/Chronologie 10038.png" type="Texture" id=140]
[ext_resource path="res://assets/sprites/units/biche/biche_idle_bas_droite/Chronologie 10034.png" type="Texture" id=141]
[ext_resource path="res://assets/sprites/units/biche/biche_idle_bas_droite/Chronologie 10040.png" type="Texture" id=142]
[ext_resource path="res://assets/sprites/units/biche/biche_idle_bas_droite/Chronologie 10039.png" type="Texture" id=143]
[ext_resource path="res://assets/sprites/units/biche/biche_idle_bas_droite/Chronologie 10041.png" type="Texture" id=144]
[ext_resource path="res://assets/sprites/units/biche/biche_idle_bas_droite/Chronologie 10033.png" type="Texture" id=145]
[ext_resource path="res://assets/sprites/units/biche/biche_idle_bas_droite/Chronologie 10037.png" type="Texture" id=146]
[ext_resource path="res://assets/sprites/units/biche/biche_idle_bas_droite/Chronologie 10030.png" type="Texture" id=147]
[ext_resource path="res://assets/sprites/units/biche/biche_idle_bas_droite/Chronologie 10036.png" type="Texture" id=148]
[ext_resource path="res://assets/sprites/units/biche/biche_idle_bas_droite/Chronologie 10035.png" type="Texture" id=149]
[ext_resource path="res://assets/sprites/units/biche/biche_idle_bas_droite/Chronologie 10026.png" type="Texture" id=150]
[ext_resource path="res://assets/sprites/units/biche/biche_idle_bas_droite/Chronologie 10013.png" type="Texture" id=151]
[ext_resource path="res://assets/sprites/units/biche/biche_idle_bas_droite/Chronologie 10017.png" type="Texture" id=152]
[ext_resource path="res://assets/sprites/units/biche/biche_idle_bas_droite/Chronologie 10021.png" type="Texture" id=153]
[ext_resource path="res://assets/sprites/units/biche/biche_idle_bas_droite/Chronologie 10008.png" type="Texture" id=154]
[ext_resource path="res://assets/sprites/units/biche/biche_idle_bas_droite/Chronologie 10018.png" type="Texture" id=155]
[ext_resource path="res://assets/sprites/units/biche/biche_idle_bas_droite/Chronologie 10009.png" type="Texture" id=156]
[ext_resource path="res://assets/sprites/units/biche/biche_idle_bas_droite/Chronologie 10019.png" type="Texture" id=157]
[ext_resource path="res://assets/sprites/units/biche/biche_idle_bas_droite/Chronologie 10012.png" type="Texture" id=158]
[ext_resource path="res://assets/sprites/units/biche/biche_idle_bas_droite/Chronologie 10010.png" type="Texture" id=159]
[ext_resource path="res://assets/sprites/units/biche/biche_idle_bas_droite/Chronologie 10022.png" type="Texture" id=160]
[ext_resource path="res://assets/sprites/units/biche/biche_idle_bas_droite/Chronologie 10024.png" type="Texture" id=161]
[ext_resource path="res://assets/sprites/units/biche/biche_idle_bas_droite/Chronologie 10023.png" type="Texture" id=162]
[ext_resource path="res://assets/sprites/units/biche/biche_idle_bas_droite/Chronologie 10015.png" type="Texture" id=163]
[ext_resource path="res://assets/sprites/units/biche/biche_idle_bas_droite/Chronologie 10020.png" type="Texture" id=164]
[ext_resource path="res://assets/sprites/units/biche/biche_idle_bas_droite/Chronologie 10014.png" type="Texture" id=165]
[ext_resource path="res://assets/sprites/units/biche/biche_idle_bas_droite/Chronologie 10011.png" type="Texture" id=166]
[ext_resource path="res://assets/sprites/units/biche/biche_idle_bas_droite/Chronologie 10016.png" type="Texture" id=167]
[ext_resource path="res://assets/sprites/units/biche/biche_idle_bas_droite/Chronologie 10001.png" type="Texture" id=168]
[ext_resource path="res://assets/sprites/units/biche/biche_idle_bas_droite/Chronologie 10003.png" type="Texture" id=169]
[ext_resource path="res://assets/sprites/units/biche/biche_idle_bas_droite/Chronologie 10002.png" type="Texture" id=170]
[ext_resource path="res://assets/sprites/units/biche/biche_idle_bas_droite/Chronologie 10000.png" type="Texture" id=171]
[ext_resource path="res://assets/sprites/units/biche/biche_idle_bas_droite/Chronologie 10004.png" type="Texture" id=172]
[ext_resource path="res://assets/sprites/units/biche/biche_idle_bas_droite/Chronologie 10007.png" type="Texture" id=173]
[ext_resource path="res://assets/sprites/units/biche/biche_idle_bas_droite/Chronologie 10006.png" type="Texture" id=174]
[ext_resource path="res://assets/sprites/units/biche/biche_idle_bas_droite/Chronologie 10057.png" type="Texture" id=175]
[ext_resource path="res://assets/sprites/units/biche/biche_idle_bas_droite/Chronologie 10005.png" type="Texture" id=176]
[ext_resource path="res://assets/sprites/units/biche/biche_idle_bas_droite/Chronologie 10050.png" type="Texture" id=177]
[ext_resource path="res://assets/sprites/units/biche/biche_idle_bas_droite/Chronologie 10058.png" type="Texture" id=178]
[ext_resource path="res://assets/sprites/units/biche/biche_idle_bas_droite/Chronologie 10044.png" type="Texture" id=179]
[ext_resource path="res://assets/sprites/units/biche/biche_idle_bas_droite/Chronologie 10056.png" type="Texture" id=180]
[ext_resource path="res://assets/sprites/units/biche/biche_idle_bas_droite/Chronologie 10048.png" type="Texture" id=181]
[ext_resource path="res://assets/sprites/units/biche/biche_idle_bas_droite/Chronologie 10045.png" type="Texture" id=182]
[ext_resource path="res://assets/sprites/units/biche/biche_idle_bas_droite/Chronologie 10047.png" type="Texture" id=183]
[ext_resource path="res://assets/sprites/units/biche/biche_idle_bas_droite/Chronologie 10051.png" type="Texture" id=184]
[ext_resource path="res://assets/sprites/units/biche/biche_idle_bas_droite/Chronologie 10046.png" type="Texture" id=185]
[ext_resource path="res://assets/sprites/units/biche/biche_idle_bas_droite/Chronologie 10042.png" type="Texture" id=186]
[ext_resource path="res://assets/sprites/units/biche/biche_idle_bas_droite/Chronologie 10049.png" type="Texture" id=187]
[ext_resource path="res://assets/sprites/units/biche/biche_idle_bas_droite/Chronologie 10043.png" type="Texture" id=188]
[ext_resource path="res://assets/sprites/units/biche/biche_idle_bas_droite/Chronologie 10053.png" type="Texture" id=189]
[ext_resource path="res://assets/sprites/units/biche/biche_idle_bas_droite/Chronologie 10055.png" type="Texture" id=190]
[ext_resource path="res://assets/sprites/units/biche/biche_idle_bas_droite/Chronologie 10052.png" type="Texture" id=191]
[ext_resource path="res://assets/sprites/units/biche/biche_idle_bas_droite/Chronologie 10054.png" type="Texture" id=192]

[sub_resource type="SpriteFrames" id=1]
animations = [ {
"frames": [ ExtResource( 171 ), ExtResource( 168 ), ExtResource( 170 ), ExtResource( 169 ), ExtResource( 172 ), ExtResource( 176 ), ExtResource( 174 ), ExtResource( 173 ), ExtResource( 154 ), ExtResource( 156 ), ExtResource( 159 ), ExtResource( 166 ), ExtResource( 158 ), ExtResource( 151 ), ExtResource( 165 ), ExtResource( 163 ), ExtResource( 167 ), ExtResource( 152 ), ExtResource( 155 ), ExtResource( 157 ), ExtResource( 164 ), ExtResource( 153 ), ExtResource( 160 ), ExtResource( 162 ), ExtResource( 161 ), ExtResource( 136 ), ExtResource( 150 ), ExtResource( 137 ), ExtResource( 135 ), ExtResource( 138 ), ExtResource( 147 ), ExtResource( 1 ), ExtResource( 139 ), ExtResource( 145 ), ExtResource( 141 ), ExtResource( 149 ), ExtResource( 148 ), ExtResource( 146 ), ExtResource( 140 ), ExtResource( 143 ), ExtResource( 142 ), ExtResource( 144 ), ExtResource( 186 ), ExtResource( 188 ), ExtResource( 179 ), ExtResource( 182 ), ExtResource( 185 ), ExtResource( 183 ), ExtResource( 181 ), ExtResource( 187 ), ExtResource( 177 ), ExtResource( 184 ), ExtResource( 191 ), ExtResource( 189 ), ExtResource( 192 ), ExtResource( 190 ), ExtResource( 180 ), ExtResource( 175 ), ExtResource( 178 ), ExtResource( 30 ), ExtResource( 5 ), ExtResource( 20 ), ExtResource( 9 ), ExtResource( 15 ), ExtResource( 17 ), ExtResource( 18 ), ExtResource( 4 ), ExtResource( 14 ), ExtResource( 13 ), ExtResource( 2 ), ExtResource( 27 ), ExtResource( 23 ), ExtResource( 32 ), ExtResource( 25 ), ExtResource( 16 ), ExtResource( 33 ), ExtResource( 28 ), ExtResource( 3 ), ExtResource( 19 ), ExtResource( 31 ), ExtResource( 6 ), ExtResource( 12 ), ExtResource( 22 ), ExtResource( 35 ), ExtResource( 21 ), ExtResource( 24 ), ExtResource( 34 ), ExtResource( 26 ), ExtResource( 36 ), ExtResource( 29 ), ExtResource( 8 ), ExtResource( 7 ), ExtResource( 11 ), ExtResource( 10 ), ExtResource( 52 ), ExtResource( 55 ) ],
"loop": true,
"name": "idle_biche_bas_droit",
"speed": 24.0
}, {
"frames": [ ExtResource( 62 ), ExtResource( 68 ), ExtResource( 46 ), ExtResource( 65 ), ExtResource( 70 ), ExtResource( 43 ), ExtResource( 37 ), ExtResource( 54 ), ExtResource( 44 ), ExtResource( 57 ), ExtResource( 42 ), ExtResource( 40 ), ExtResource( 39 ), ExtResource( 63 ), ExtResource( 59 ), ExtResource( 69 ), ExtResource( 58 ), ExtResource( 56 ), ExtResource( 61 ), ExtResource( 67 ), ExtResource( 45 ), ExtResource( 73 ), ExtResource( 47 ), ExtResource( 60 ), ExtResource( 72 ), ExtResource( 66 ), ExtResource( 38 ), ExtResource( 53 ), ExtResource( 41 ), ExtResource( 50 ), ExtResource( 51 ), ExtResource( 49 ), ExtResource( 48 ), ExtResource( 82 ), ExtResource( 95 ), ExtResource( 81 ), ExtResource( 83 ), ExtResource( 105 ), ExtResource( 100 ), ExtResource( 75 ), ExtResource( 74 ), ExtResource( 76 ), ExtResource( 106 ), ExtResource( 92 ), ExtResource( 94 ), ExtResource( 107 ), ExtResource( 98 ), ExtResource( 84 ), ExtResource( 79 ), ExtResource( 93 ), ExtResource( 80 ), ExtResource( 96 ), ExtResource( 71 ), ExtResource( 97 ), ExtResource( 102 ), ExtResource( 78 ), ExtResource( 88 ), ExtResource( 85 ), ExtResource( 91 ), ExtResource( 86 ), ExtResource( 77 ), ExtResource( 101 ), ExtResource( 89 ), ExtResource( 87 ), ExtResource( 90 ), ExtResource( 99 ), ExtResource( 103 ), ExtResource( 104 ), ExtResource( 110 ), ExtResource( 108 ), ExtResource( 111 ), ExtResource( 112 ), ExtResource( 127 ), ExtResource( 130 ), ExtResource( 115 ), ExtResource( 128 ), ExtResource( 134 ), ExtResource( 64 ), ExtResource( 118 ), ExtResource( 131 ), ExtResource( 123 ), ExtResource( 109 ), ExtResource( 114 ), ExtResource( 125 ), ExtResource( 122 ), ExtResource( 124 ), ExtResource( 133 ), ExtResource( 120 ), ExtResource( 117 ), ExtResource( 126 ), ExtResource( 119 ), ExtResource( 132 ), ExtResource( 121 ), ExtResource( 113 ), ExtResource( 129 ), ExtResource( 116 ) ],
"loop": true,
"name": "idle_biche_bas_gauche",
"speed": 24.0
} ]

[node name="Doe" type="KinematicBody2D"]

[node name="AnimatedSprite" type="AnimatedSprite" parent="."]
position = Vector2( 0, -25 )
frames = SubResource( 1 )
animation = "idle_biche_bas_droit"
frame = 3
playing = true

[node name="CollisionShape2D" type="CollisionShape2D" parent="AnimatedSprite"]
