[gd_scene load_steps=6 format=2]

[ext_resource path="res://scenes/world/camera.gd" type="Script" id=1]

[sub_resource type="RectangleShape2D" id=2]
extents = Vector2( 480, 5 )

[sub_resource type="RectangleShape2D" id=1]
extents = Vector2( 5, 270 )

[sub_resource type="RectangleShape2D" id=3]
extents = Vector2( 480, 5 )

[sub_resource type="RectangleShape2D" id=4]
extents = Vector2( 5, 270 )

[node name="Camera" type="Camera2D"]
offset = Vector2( 0, 1920 )
current = true
script = ExtResource( 1 )

[node name="MouseCameraControl" type="CanvasLayer" parent="."]

[node name="Top" type="Area2D" parent="MouseCameraControl"]
position = Vector2( 480, 10 )

[node name="CollisionShape2D" type="CollisionShape2D" parent="MouseCameraControl/Top"]
position = Vector2( 0, -5 )
shape = SubResource( 2 )

[node name="Right" type="Area2D" parent="MouseCameraControl"]
position = Vector2( 955, 270 )

[node name="CollisionShape2D" type="CollisionShape2D" parent="MouseCameraControl/Right"]
shape = SubResource( 1 )

[node name="Bottom" type="Area2D" parent="MouseCameraControl"]
position = Vector2( 480, 535 )

[node name="CollisionShape2D" type="CollisionShape2D" parent="MouseCameraControl/Bottom"]
shape = SubResource( 3 )

[node name="Left" type="Area2D" parent="MouseCameraControl"]
position = Vector2( 5, 270 )

[node name="CollisionShape2D" type="CollisionShape2D" parent="MouseCameraControl/Left"]
shape = SubResource( 4 )

[connection signal="mouse_entered" from="MouseCameraControl/Top" to="." method="_on_Top_mouse_entered"]
[connection signal="mouse_exited" from="MouseCameraControl/Top" to="." method="_on_Top_mouse_exited"]
[connection signal="mouse_entered" from="MouseCameraControl/Right" to="." method="_on_Right_mouse_entered"]
[connection signal="mouse_exited" from="MouseCameraControl/Right" to="." method="_on_Right_mouse_exited"]
[connection signal="mouse_entered" from="MouseCameraControl/Bottom" to="." method="_on_Bottom_mouse_entered"]
[connection signal="mouse_exited" from="MouseCameraControl/Bottom" to="." method="_on_Bottom_mouse_exited"]
[connection signal="mouse_entered" from="MouseCameraControl/Left" to="." method="_on_Left_mouse_entered"]
[connection signal="mouse_exited" from="MouseCameraControl/Left" to="." method="_on_Left_mouse_exited"]
